

@misc{LOPEZ24a,
  author =        {Lopez, Aliaume},
  title =         {Commutative N-polyregular functions},
  year =          {2024},
  url =           {https://arxiv.org/abs/2404.02232},
}

@book{BERE10,
  author =        {Berstel, Jean and Reutenauer, Christophe},
  publisher =     {Cambridge University Press},
  series =        {Encyclopedia of Mathematics and its Applications},
  title =         {Noncommutative rational series with applications},
  volume =        {137},
  year =          {2010},
  doi =           {10.1017/CBO9780511760860},
  isbn =          {0521190223,9780521190220,9780511760860},
}

@article{KARH77,
  author =        {Karhumäki, Juhani},
  journal =       {Theoretical Computer Science},
  number =        {2},
  pages =         {211-217},
  title =         {Remarks on commutative {N}-rational series},
  volume =        {5},
  year =          {1977},
  doi =           {10.1016/0304-3975(77)90008-1},
  issn =          {0304-3975},
  url =           {https://www.sciencedirect.com/science/article/pii/
                  0304397577900081},
}

@misc{BOJA18,
  author =        {Bojańczyk, Mikołaj},
  title =         {Polyregular Functions},
  year =          {2018},
  url =           {https://arxiv.org/abs/1810.08760},
}

@book{MNPA71,
  author =        {McNaughton, Robert and Papert, Seymour A.},
  publisher =     {The MIT Press},
  title =         {Counter-Free Automata},
  year =          {1971},
  doi =           {10.5555/1097043},
  isbn =          {978-0-262-13076-9},
}

@article{SCHU65,
  author =        {Schützenberger, Marcel P.},
  journal =       {Information and Control},
  number =        {2},
  pages =         {190--194},
  title =         {On finite monoids having only trivial subgroups},
  volume =        {8},
  year =          {1965},
  abstract =      {An alternative definition is given for a family of
                   subsets of a free monoid that has been considered by
                   Trahtenbrot and by McNaughton.},
  doi =           {10.1016/S0019-9958(65)90108-7},
  issn =          {0019-9958},
  language =      {en},
}

@inproceedings{DOUE21,
  address =       {Dagstuhl, Germany},
  author =        {Douéneau-Tabot, Gaëtan},
  booktitle =     {46th International Symposium on Mathematical
                   Foundations of Computer Science (MFCS 2021)},
  editor =        {Bonchi, Filippo and Puglisi, Simon J.},
  pages =         {40:1--40:17},
  publisher =     {Schloss Dagstuhl -- Leibniz-Zentrum f{\"u}r
                   Informatik},
  series =        {Leibniz International Proceedings in Informatics
                   (LIPIcs)},
  title =         {{Pebble Transducers with Unary Output}},
  volume =        {202},
  year =          {2021},
  doi =           {10.4230/LIPIcs.MFCS.2021.40},
  isbn =          {978-3-95977-201-3},
  issn =          {1868-8969},
  url =           {https://drops-dev.dagstuhl.de/entities/document/10.4230/
                  LIPIcs.MFCS.2021.40},
  urn =           {urn:nbn:de:0030-drops-144805},
}

@inproceedings{DOUE22,
  address =       {Dagstuhl, Germany},
  author =        {Douéneau-Tabot, Gaëtan},
  booktitle =     {49th International Colloquium on Automata, Languages,
                   and Programming (ICALP 2022)},
  editor =        {Bojańczyk, Mikołaj and Merelli, Emanuela and
                   Woodruff, David P.},
  pages =         {120:1--120:17},
  publisher =     {Schloss Dagstuhl -- Leibniz-Zentrum f{\"u}r
                   Informatik},
  series =        {Leibniz International Proceedings in Informatics
                   (LIPIcs)},
  title =         {{Hiding Pebbles When the Output Alphabet Is Unary}},
  volume =        {229},
  year =          {2022},
  doi =           {10.4230/LIPIcs.ICALP.2022.120},
  isbn =          {978-3-95977-235-8},
  issn =          {1868-8969},
  url =           {https://drops-dev.dagstuhl.de/entities/document/10.4230/
                  LIPIcs.ICALP.2022.120},
  urn =           {urn:nbn:de:0030-drops-164613},
}

@inproceedings{CDTL23,
  address =       {Los Alamitos, CA, USA},
  author =        {Colcombet, Thomas and Douéneau-Tabot, Gaëtan and
                   Lopez, Aliaume},
  booktitle =     {2023 38th Annual ACM/IEEE Symposium on Logic in
                   Computer Science (LICS)},
  month =         {jun},
  pages =         {1-13},
  publisher =     {IEEE Computer Society},
  title =         {{Z}-polyregular functions},
  year =          {2023},
  doi =           {10.1109/LICS56636.2023.10175685},
  url =           {https://doi.ieeecomputersociety.org/10.1109/
                  LICS56636.2023.10175685},
}

@phdthesis{DOUE23,
  author =        {Douéneau-Tabot, Gaëtan},
  school =        {Université Paris Cité},
  title =         {Optimization of string transducers},
  year =          {2023},
  url =           {https://gdoueneau.github.io/pages/DOUENEAU-
                  TABOT_Optimization-transducers_v2.pdf},
}

@incollection{THOM97,
  author =        {Thomas, Wolfgang},
  booktitle =     {Handbook of formal languages},
  editor =        {Rozenberg, Grzegorz and Salomaa, Arto},
  pages =         {389--455},
  publisher =     {Springer},
  title =         {Languages, automata, and logic},
  year =          {1997},
  doi =           {10.1007/978-3-642-59136-5},
  isbn =              {978-3-540-60420-4,978-3-642-63863-3,978-3-642-59136-5},
}

@inproceedings{BOKL19,
  address =       {Dagstuhl, Germany},
  author =        {Bojańczyk, Mikołaj and Kiefer, Sandra and
                   Lhote, Nathan},
  booktitle =     {46th International Colloquium on Automata, Languages,
                   and Programming (ICALP 2019)},
  editor =        {Baier, Christel and Chatzigiannakis, Ioannis and
                   Flocchini, Paola and Leonardi, Stefano},
  pages =         {106:1--106:14},
  publisher =     {Schloss Dagstuhl -- Leibniz-Zentrum f{\"u}r
                   Informatik},
  series =        {Leibniz International Proceedings in Informatics
                   (LIPIcs)},
  title =         {{String-to-String Interpretations With
                   Polynomial-Size Output}},
  volume =        {132},
  year =          {2019},
  doi =           {10.4230/LIPIcs.ICALP.2019.106},
  isbn =          {978-3-95977-109-2},
  issn =          {1868-8969},
  url =           {https://drops-dev.dagstuhl.de/entities/document/10.4230/
                  LIPIcs.ICALP.2019.106},
  urn =           {urn:nbn:de:0030-drops-106821},
}

@article{SCHU62,
  author =        {Schützenberger, Marcel P.},
  journal =       {Information and control},
  number =        {2},
  pages =         {91--107},
  title =         {Finite Counting Automata},
  volume =        {5},
  year =          {1962},
  doi =           {10.1016/S0019-9958(62)90244-9},
  issn =          {0019-9958},
  url =           {https://www.sciencedirect.com/science/article/pii/
                  S0019995862902449},
}

@article{HILB1902,
  author =        {Hilbert, David},
  journal =       {Bulletin of the American Mathematical Society},
  number =        {10},
  pages =         {437--479},
  publisher =     {American Mathematical Society (AMS)},
  title =         {Mathematical problems},
  volume =        {8},
  year =          {1902},
  doi =           {10.1090/s0002-9904-1902-00923-3},
  issn =          {1088-9485},
  url =           {https://www.ams.org/journals/bull/1902-08-10/S0002-9904-
                  1902-00923-3/},
}

@article{MATI1970,
  author =        {Matiyasevich, Yuri Vladimirovich},
  journal =       {Doklady Akademii Nauk SSSR},
  note =          {in Russian},
  pages =         {279--282},
  title =         {The Diophantineness of enumerable sets},
  volume =        {191},
  year =          {1970},
  issn =          {0002-3264},
}

@article{POLYA1915,
  author =        {Pólya, G.},
  journal =       {Rend. Circ. Mat. Palermo},
  pages =         {1--16},
  title =         {Über ganzwertige ganze {Funktionen}.},
  volume =        {40},
  year =          {1915},
  doi =           {10.1007/BF03014836},
  language =      {German},
  url =           {https://zbmath.org/?format=complete&q=an:45.0655.02},
}

@book{CACHA1996,
  author =        {Cahen, Paul-Jean and Chabert, Jean-Luc},
  journal =       {Mathematical Surveys and Monographs},
  month =         dec,
  publisher =     {American Mathematical Society},
  title =         {Integer-Valued Polynomials},
  year =          {1996},
  doi =           {10.1090/surv/048},
  isbn =          {9781470412791},
  issn =          {2331-7159},
  url =           {https://people.math.rochester.edu/faculty/doug/otherpapers/
                  Cahen-Chabert.pdf},
}

@article{DAVIS1973,
  author =        {Davis, Martin},
  journal =       {The American Mathematical Monthly},
  month =         mar,
  number =        {3},
  pages =         {233--269},
  title =         {Hilbert’s Tenth Problem is Unsolvable},
  volume =        {80},
  year =          {1973},
  doi =           {10.1080/00029890.1973.11993265},
  issn =          {1930-0972},
  url =           {http://dx.doi.org/10.1080/00029890.1973.11993265},
}

