@article{KARH77,
abstract = {Commutative N-rational formal power series are considered. Series giving polynomial functions as their coefficients are characterized, and a monotonicity result for commutative series is proved. As an application the division problem for N-rational formal power series is solved.},
author = {Juhani Karhumäki},
doi = {https://doi.org/10.1016/0304-3975(77)90008-1},
issn = {0304-3975},
journaltitle = {Theoretical Computer Science},
number = {2},
pages = {211-217},
title = {Remarks on commutative n-rational series},
url = {https://www.sciencedirect.com/science/article/pii/0304397577900081},
volume = {5},
year = {1977},
}


@book{berstel1988rational,
  title={Rational series and their languages},
  author={Berstel, Jean and Reutenauer, Christophe},
  volume={12},
  year={1988},
  publisher={Springer-Verlag}
}

	

@article{schutzenberger1965finite,
	title = {On finite monoids having only trivial subgroups},
	volume = {8},
	issn = {0019-9958},
	doi = {10.1016/S0019-9958(65)90108-7},
	abstract = {An alternative definition is given for a family of subsets of a free monoid that has been considered by Trahtenbrot and by McNaughton.},
	language = {en},
	number = {2},
	urldate = {2023-01-10},
	journal = {Information and Control},
	author = {Schützenberger, M. P.},
	month = apr,
	year = {1965},
	pages = {190--194},
}

@article{reutenauer_series_1980,
	title = {Séries formelles et algèbres syntactiques},
	volume = {66},
	issn = {0021-8693},
	url = {https://www.sciencedirect.com/science/article/pii/0021869380900976},
	doi = {https://doi.org/10.1016/0021-8693(80)90097-6},
	number = {2},
	journal = {Journal of Algebra},
	author = {Reutenauer, Christophe},
	year = {1980},
	pages = {448--483},
}


@article{schutzenberger1962,
  author    = {Marcel Paul Sch{\"{u}}tzenberger},
  title     = {Finite Counting Automata},
  journal   = {Information and control},
  volume    = {5},
  number    = {2},
  pages     = {91--107},
  year      = {1962}
}

@book{berstel2011noncommutative,
	author = {Berstel, Jean and Reutenauer, Christophe},
	publisher = {Cambridge University Press},
	title = {Noncommutative rational series with applications},
	volume = {137},
	year = {2011}}

@inproceedings{doueneau2021pebble,
	author = {Ga{\"{e}}tan Dou{\'{e}}neau{-}Tabot},
	booktitle = {46th International Symposium on Mathematical Foundations of Computer Science, {MFCS} 2021},
	title = {Pebble Transducers With Unary Output},
	year = {2021}}

@inproceedings{doueneau2022hiding,
	author = {Gaëtan Douéneau-Tabot},
	booktitle = {49th International Colloquium on Automata, Languages, and Programming, {ICALP} 2022},
	title = {Hiding Pebbles when the Output Alphabet is Unary},
	year = {2022}}

@article{LOPEZ23b,
author = {Thomas Colcombet and Gaëtan Douéneau-Tabot and Aliaume Lopez},
dest.page.23 = {Nice theorem},
doi = {10.48550/arXiv.2207.07450},
title = {Z-polyregular functions},
url = {https://arxiv.org/abs/2207.07450},
year = {2023},
}

@inproceedings{bojanczyk2022transducers,
author = {Boja{ń}czyk, Mikolaj},
booktitle = {Proceedings of the 37th Annual ACM/IEEE Symposium on Logic in Computer Science},
pages = {1--27},
title = {Transducers of polynomial growth},
year = {2022},
}


@inproceedings{bojanczyk2019string,
author = {Mikolaj Bojanczyk and Sandra Kiefer and Nathan Lhote},
booktitle = {46th International Colloquium on Automata, Languages, and Programming (ICALP 2019)},
title = {{String-to-String Interpretations With Polynomial-Size Output}},
year = {2019},
}


@inproceedings{droste2005weighted,
author = {Droste, Manfred and Gastin, Paul},
booktitle = {International Colloquium on Automata, Languages, and Programming},
organization = {Springer},
pages = {513--525},
title = {Weighted automata and weighted logics},
year = {2005},
}

@inproceedings{droste2019aperiodic,
author = {Manfred Droste and Paul Gastin},
booktitle = {44th International Symposium on Mathematical Foundations of Computer Science, {MFCS} 2019},
title = {Aperiodic Weighted Automata and Weighted First-Order Logic},
volume = {138},
year = {2019},
}


@phdthesis{gaetanphd,
    author={Doueneau-Tabot, Gaëtan},
    title={Optimization of string transducers},
    year={2023},
    school={Université Paris Cité},
    url={https://gdoueneau.github.io/pages/DOUENEAU-TABOT_Optimization-transducers_v2.pdf},
    urldate={Version of 24th November 2023},
}

@inproceedings{kreutzer2013,
author = {Kreutzer, Stephan and Riveros, Cristian},
booktitle = {2013 28th Annual ACM/IEEE Symposium on Logic in Computer Science},
doi = {10.1109/LICS.2013.16},
number = {},
pages = {113-122},
title = {Quantitative Monadic Second-Order Logic},
volume = {},
year = {2013},
}

@article{kleene1956representation,
author = {Kleene, Stephen C and others},
journaltitle = {Automata studies},
pages = {3--41},
publisher = {Princeton, NJ},
title = {Representation of events in nerve nets and finite automata},
volume = {34},
year = {1956},
}

@article{buchi1960weak,
author = {B{ü}chi, J Richard},
journaltitle = {Mathematical Logic Quarterly},
number = {1-6},
title = {Weak second-order arithmetic and finite automata},
volume = {6},
year = {1960},
}

@article{schutzenberger1961definition,
author = {Sch{ü}tzenberger, Marcel Paul},
journaltitle = {Inf. Control.},
number = {2-3},
pages = {245--270},
title = {On the definition of a family of automata},
volume = {4},
year = {1961},
}


@book{mcnaughton1971counter,
author = {McNaughton, Robert and Papert, Seymour A},
publisher = {The MIT Press},
title = {Counter-Free Automata},
year = {1971},
}

@article{perrin1986first,
author = {Perrin, Dominique and Pin, Jean-Eric},
journaltitle = {Journal of Computer and System Sciences},
number = {3},
pages = {393--406},
publisher = {Academic Press},
title = {First-order logic and star-free sets},
volume = {32},
year = {1986},
}

@inproceedings{filiot2016aperiodicity,
author = {Filiot, Emmanuel and Gauwin, Olivier and Lhote, Nathan},
booktitle = {36th IARCS Annual Conference on Foundations of Software Technology and Theoretical Computer Science (FSTTCS 2016)},
organization = {Schloss Dagstuhl--Leibniz-Zentrum fuer Informatik},
title = {Aperiodicity of rational functions is PSPACE-complete},
year = {2016},
}

@inproceedings{filiot2018canonical,
author = {Filiot, Emmanuel and Gauwin, Olivier and Lhote, Nathan and Muscholl, Anca},
booktitle = {38th IARCS Annual Conference on Foundations of Software Technology and Theoretical Computer Science (FSTTCS)},
organization = {Schloss Dagstuhl--Leibniz-Zentrum fuer Informatik},
title = {On canonical models for rational functions over infinite words},
volume = {122},
year = {2018},
}

@article{choffrut03,
title = {Minimizing subsequential transducers: a survey},
journal = {Theoretical Computer Science},
volume = {292},
number = {1},
pages = {131-143},
year = {2003},
note = {Selected Papers in honor of Jean Berstel},
issn = {0304-3975},
doi = {https://doi.org/10.1016/S0304-3975(01)00219-5},
url = {https://www.sciencedirect.com/science/article/pii/S0304397501002195},
author = {Christian Choffrut},
keywords = {Sequential machines, Finite automata, Minimization}
}



@InProceedings{bojanczyk14,
author="Boja{\'{n}}czyk, Miko{\l}aj",
editor="Esparza, Javier
and Fraigniaud, Pierre
and Husfeldt, Thore
and Koutsoupias, Elias",
title="Transducers with Origin Information",
booktitle="Automata, Languages, and Programming",
year="2014",
publisher="Springer Berlin Heidelberg",
address="Berlin, Heidelberg",
pages="26--37",
abstract="Call a string-to-string function regular if it can be realised by one of the following equivalent models: mso transductions, two-way deterministic automata with output, and streaming transducers with registers. This paper proposes to treat origin information as part of the semantics of a regular string-to-string function. With such semantics, the model admits a machine-independent characterisation, Angluin-style learning in polynomial time, as well as effective characterisations of natural subclasses such as one-way transducers or first-order definable transducers.",
isbn="978-3-662-43951-7"
}


@unpublished{SCSC12,
author = {Demeri, Stéphane and Finkel, Alain and Goubault-Larrecq, Jean and  Schmitz, Sylvain and Schnoebelen, Philippe},
title = {Algorithmic Aspects of WQO Theory (MPRI course)},
url = {https://cel.archives-ouvertes.fr/cel-00727025},
year = {2012},
}

@article{HROUPOWO18,
author = {Hrushovski, Ehud and Ouaknine, Joël and Pouly, Amaury and Worrell, James},
booktitle = {Proceedings of the 33rd {Annual} {ACM}/{IEEE} {Symposium} on {Logic} in {Computer} {Science}},
doi = {10.1145/3209108.3209142},
pages = {530--539},
publisher = {Association for Computing Machinery},
title = {Polynomial {Invariants} for {Affine} {Programs}},
url = {https://dl.acm.org/doi/10.1145/3209108.3209142},
year = {2018},
}

@article{EHB99,
  author       = {Joost Engelfriet and
                  Hendrik Jan Hoogeboom and
                  Jan{-}Pascal van Best},
  title        = {Trips on Trees},
  journal      = {Acta Cybern.},
  volume       = {14},
  number       = {1},
  pages        = {51--64},
  year         = {1999},
  url          = {https://cyber.bibl.u-szeged.hu/index.php/actcybern/article/view/3510},
}


@article{FEVAU59,
author = {Feferman, Solomon and Vaught, Robert},
doi = {10.4064/fm-47-1-57-103},
journaltitle = {Fundamenta Mathematicae},
pages = {57--103},
title = {The first order properties of products of algebraic systems},
volume = {47},
year = {1959},
}

@article{MAKOW04,
author = {Makowsky, Johann A.},
doi = {10.1016/j.apal.2003.11.002},
journaltitle = {Annals of Pure and Applied Logic},
pages = {159--213},
publisher = {Elsevier},
title = {Algorithmic uses of the {F}eferman--{V}aught {T}heorem},
volume = {126},
year = {2004},
}


@incollection{thomas1997languages,
author = {Thomas, Wolfgang},
booktitle = {Handbook of formal languages},
pages = {389--455},
publisher = {Springer},
title = {Languages, automata, and logic},
year = {1997},
}

@InProceedings{MELL98,
author="Melli{\`e}s, Paul-Andr{\'e}",
editor="Larsen, Kim G.
and Skyum, Sven
and Winskel, Glynn",
title="On a duality between Kruskal and Dershowitz theorems",
booktitle="Automata, Languages and Programming",
year="1998",
publisher="Springer Berlin Heidelberg",
address="Berlin, Heidelberg",
pages="518--529",
abstract="The article is mainly concerned with the Kruskal tree theorem and the following observation: there is a duality at the level of binary relations between well and noetherian orders. The first step here is to extend Kruskal theorem from orders to binary relations so that the duality applies. Then, we describe the theorem obtained by duality and show that it corresponds to a theorem by Ferreira and Zantema which subsumes Dershowitz's seminal results on recursive path orderings.",
isbn="978-3-540-68681-1"
}


@inproceedings{nguyn21comparison,
  TITLE = {{Comparison-free polyregular functions}},
  AUTHOR = {Nguyễn, L{\^e} Th{\`a}nh Dũng and No{\^u}s, Camille and Pradic, C{\'e}cilia},
  URL = {https://hal.science/hal-02986228},
  BOOKTITLE = {{International Colloquium on Automata, Languages and Programming 2021}},
  ADDRESS = {Glasgow, United Kingdom},
  YEAR = {2021},
  MONTH = Jul,
  KEYWORDS = {HDT0L systems ; pebble transducers ; polyregular functions},
  PDF = {https://hal.science/hal-02986228v3/file/comparison-free-polyregular.pdf},
  HAL_ID = {hal-02986228},
  HAL_VERSION = {v3},
}

@article{parikh66context,
  author       = {Rohit Parikh},
  title        = {On Context-Free Languages},
  journal      = {J. {ACM}},
  volume       = {13},
  number       = {4},
  pages        = {570--581},
  year         = {1966},
  url          = {https://doi.org/10.1145/321356.321364},
  doi          = {10.1145/321356.321364},
  timestamp    = {Tue, 06 Nov 2018 12:51:45 +0100},
  biburl       = {https://dblp.org/rec/journals/jacm/Parikh66.bib},
  bibsource    = {dblp computer science bibliography, https://dblp.org}
}


@InProceedings{chistikov16,
  author =	{Chistikov, Dmitry and Haase, Christoph},
  title =	{{The Taming of the Semi-Linear Set}},
  booktitle =	{43rd International Colloquium on Automata, Languages, and Programming (ICALP 2016)},
  pages =	{128:1--128:13},
  series =	{Leibniz International Proceedings in Informatics (LIPIcs)},
  ISBN =	{978-3-95977-013-2},
  ISSN =	{1868-8969},
  year =	{2016},
  volume =	{55},
  editor =	{Chatzigiannakis, Ioannis and Mitzenmacher, Michael and Rabani, Yuval and Sangiorgi, Davide},
  publisher =	{Schloss Dagstuhl -- Leibniz-Zentrum f{\"u}r Informatik},
  address =	{Dagstuhl, Germany},
  URL =		{https://drops.dagstuhl.de/entities/document/10.4230/LIPIcs.ICALP.2016.128},
  URN =		{urn:nbn:de:0030-drops-62636},
  doi =		{10.4230/LIPIcs.ICALP.2016.128},
  annote =	{Keywords: semi-linear sets, convex polyhedra, triangulations, integer linear programming, commutative grammars}
} 


@Article{Aho1969,
author={Aho, A. V.
and Hopcroft, J. E.
and Ullman, J. D.},
title={A general theory of translation},
journal={Mathematical systems theory},
year={1969},
month={Sep},
day={01},
volume={3},
number={3},
pages={193-221},
abstract={The concept of a translation is fundamental to any theory of compiling. Formally, atranslation is any set of pairs of words. Classes of finitely describable translations are considered in general, from the point of view of balloon automata [17, 18, 19].},
issn={1433-0490},
doi={10.1007/BF01703920},
url={https://doi.org/10.1007/BF01703920}
}


@book{eilenberg1974automata,
  title={Automata, Languages, and Machines},
  author={Eilenberg, S.},
  number={ptie.~2},
  isbn={9780122340017},
  lccn={72088333},
  series={Automata, Languages, and Machines},
  url={https://books.google.pl/books?id=vVh0xgEACAAJ},
  year={1974},
  publisher={Academic Press}
}


@ARTICLE{EM65,
  author={Elgot, C. C. and Mezei, J. E.},
  journal={IBM Journal of Research and Development}, 
  title={On Relations Defined by Generalized Finite Automata}, 
  year={1965},
  volume={9},
  number={1},
  pages={47-68},
  keywords={},
  doi={10.1147/rd.91.0047}}


@InProceedings{EM02,
author="Engelfriet, Joost
and Maneth, Sebastian",
editor="Diks, Krzysztof
and Rytter, Wojciech",
title="Two-Way Finite State Transducers with Nested Pebbles",
booktitle="Mathematical Foundations of Computer Science 2002",
year="2002",
publisher="Springer Berlin Heidelberg",
address="Berlin, Heidelberg",
pages="234--244",
abstract="Two-way finite state transducers are considered with a fixed number of pebbles, of which the life times are nested. In the deterministic case, the transductions computed by such pebble transducers are closed under composition, and they can be realized by the composition of one-pebble transducers. The ranges of the k-pebble transducers form a hierarchy with respect to k, their finiteness problem is decidable, and they can be generated by compositions of k macro tree transducers. Related results hold in the nondeterministic case.",
isbn="978-3-540-45687-2"
}


@article{simon90,
  title = {Factorization forests of finite height},
journal = {Theoretical Computer Science},
volume = {72},
number = {1},
pages = {65-94},
year = {1990},
issn = {0304-3975},
doi = {https://doi.org/10.1016/0304-3975(90)90047-L},
url = {https://www.sciencedirect.com/science/article/pii/030439759090047L},
author = {Imre Simon},
abstract = {We introduce factorization forests. It is shown that the vertex set of a dense factorization forest of finite height satisfies a bounded gap Ramsey-type property of words. The main result is that every morphism from a free semigroup to a finite semigroup S admits a Ramseyan factorization forest of height at most 9|S|. Techniques for constructed factorization forests are developed.}
}

